<record><leader>00000cas a22000007a 4500</leader><controlfield tag="001">21180275</controlfield><controlfield tag="008">900307d18871887nhucr ne      0    0eng d</controlfield><datafield ind1=" " ind2=" " tag="010"><subfield code="a">sn 90062066 </subfield></datafield><datafield ind1=" " ind2=" " tag="040"><subfield code="a">NVH</subfield><subfield code="b">eng</subfield><subfield code="c">NVH</subfield><subfield code="d">OCLCQ</subfield></datafield><datafield ind1=" " ind2=" " tag="042"><subfield code="a">msc</subfield></datafield><datafield ind1="0" ind2=" " tag="130"><subfield code="a">Labor advocate (Laconia, N.H.)</subfield></datafield><datafield ind1="1" ind2="4" tag="245"><subfield code="a">The Labor advocate.</subfield></datafield><datafield ind1=" " ind2=" " tag="260"><subfield code="a">Laconia, N.H. :</subfield><subfield code="b">Advocate Pub. Co.</subfield></datafield><datafield ind1=" " ind2=" " tag="300"><subfield code="a">v.</subfield></datafield><datafield ind1=" " ind2=" " tag="310"><subfield code="a">Semiweekly,</subfield><subfield code="b">Mar. 4-Oct. 21, 1887</subfield></datafield><datafield ind1=" " ind2=" " tag="321"><subfield code="a">Weekly,</subfield><subfield code="b">Jan. 6-Mar. 1, 1887</subfield></datafield><datafield ind1="0" ind2=" " tag="362"><subfield code="a">Vol. 1, no. 1 (Jan. 6, 1887)-v. 2, no. 33 (Oct. 21, 1887).</subfield></datafield><datafield ind1=" " ind2=" " tag="752"><subfield code="a">United States</subfield><subfield code="b">New Hampshire</subfield><subfield code="c">Belknap</subfield><subfield code="d">Laconia.</subfield></datafield><datafield ind1="0" ind2="0" tag="785"><subfield code="t">Laconia advocate</subfield><subfield code="w">(DLC)sn 90062071</subfield></datafield></record>